<?xml version="1.0"?>
<zs:searchRetrieveResponse xmlns:zs="http://www.loc.gov/zing/srw/"><zs:version>1.1</zs:version><zs:numberOfRecords>1</zs:numberOfRecords><zs:records>
<zs:record><zs:recordSchema>info:srw/schema/1/marcxml-v1.1</zs:recordSchema><zs:recordPacking>xml</zs:recordPacking><zs:recordData><record xmlns="http://www.loc.gov/MARC21/slim">
  <leader>04619nam a22005533i 4500</leader>
  <controlfield tag="001">004463561</controlfield>
  <controlfield tag="005">20150501132448.0</controlfield>
  <controlfield tag="006">m     o  d        </controlfield>
  <controlfield tag="007">cr unu---|||||</controlfield>
  <controlfield tag="008">141015s2014    cau|||||om||||||||||eng d</controlfield>
  <datafield tag="020" ind1=" " ind2=" ">
    <subfield code="a">9781234567890</subfield>
  </datafield>
  <datafield tag="024" ind1="7" ind2=" ">
    <subfield code="a">ark:/48907/f3pkkkmq</subfield>
    <subfield code="2">local</subfield>
  </datafield>
  <datafield tag="040" ind1=" " ind2=" ">
    <subfield code="a">CUT</subfield>
    <subfield code="b">eng</subfield>
    <subfield code="c">CUT</subfield>
    <subfield code="e">rda</subfield>
  </datafield>
  <datafield tag="100" ind1="1" ind2=" ">
    <subfield code="a">Power, Samantha,</subfield>
    <subfield code="e">author.</subfield>
  </datafield>
  <datafield tag="245" ind1="1" ind2="0">
    <subfield code="a">Representations of Kissinger in Art /</subfield>
    <subfield code="c">Lauren, Samantha.</subfield>
  </datafield>
  <datafield tag="264" ind1=" " ind2="1">
    <subfield code="a">[Santa Barbara, Calif.] :</subfield>
    <subfield code="b">University of California, Santa Barbara,</subfield>
    <subfield code="c">2014.</subfield>
  </datafield>
  <datafield tag="300" ind1=" " ind2=" ">
    <subfield code="a">1 online resource (420 pages)</subfield>
  </datafield>
  <datafield tag="336" ind1=" " ind2=" ">
    <subfield code="a">text</subfield>
    <subfield code="b">txt</subfield>
    <subfield code="2">rdacontent</subfield>
  </datafield>
  <datafield tag="337" ind1=" " ind2=" ">
    <subfield code="a">computer</subfield>
    <subfield code="b">c</subfield>
    <subfield code="2">rdamedia</subfield>
  </datafield>
  <datafield tag="338" ind1=" " ind2=" ">
    <subfield code="a">online resource</subfield>
    <subfield code="b">cr</subfield>
    <subfield code="2">rdacarrier</subfield>
  </datafield>
  <datafield tag="500" ind1=" " ind2=" ">
    <subfield code="a">Source: Dissertation Abstracts International, Volume: 75-08(E), Section: A.</subfield>
  </datafield>
  <datafield tag="500" ind1=" " ind2=" ">
    <subfield code="a">Advisors: Ernie MacMillan Committee members: Hyve Ogelbie; Ren Pop.</subfield>
  </datafield>
  <datafield tag="502" ind1=" " ind2=" ">
    <subfield code="b">Ph.D.</subfield>
    <subfield code="c">University of California, Santa Barbara</subfield>
    <subfield code="d">2014.</subfield>
  </datafield>
  <datafield tag="520" ind1=" " ind2=" ">
    <subfield code="a">Sir Thomas was satisfied; too glad to be satisfied, perhaps, to urge the matter quite so far as his judgment might have dictated to others. It was an alliance which he could not have relinquished without pain; and thus he reasoned. Mr. Rushworth was young enough to improve. Mr. Rushworth must and would improve in good society; and if Maria could now speak so securely of her happiness with him, speaking certainly without the prejudice, the blindness of love, she ought to be believed. Her feelings, probably, were not acute; he had never supposed them to be so; but her comforts might not be less on that account; and if she could dispense with seeing her husband a leading, shining character, there would certainly be everything else in her favour. A well-disposed young woman, who did not marry for love, was in general but the more attached to her own family; and the nearness of Sotherton to Mansfield must naturally hold out the greatest temptation, and would, in all probability, be a continual supply of the most amiable and innocent enjoyments. Such and such-like were the reasonings of Sir Thomas, happy to escape the embarrassing evils of a rupture, the wonder, the reflections, the reproach that must attend it; happy to secure a marriage which would bring him such an addition of respectability and influence, and very happy to think anything of his daughter's disposition that was most favourable for the purpose.</subfield>
  </datafield>
  <datafield tag="546" ind1=" " ind2=" ">
    <subfield code="a">English</subfield>
  </datafield>
  <datafield tag="653" ind1=" " ind2=" ">
    <subfield code="a">Architecture.</subfield>
  </datafield>
  <datafield tag="653" ind1=" " ind2=" ">
    <subfield code="a">Painting.</subfield>
  </datafield>
  <datafield tag="653" ind1=" " ind2=" ">
    <subfield code="a">Islam.</subfield>
  </datafield>
  <datafield tag="653" ind1=" " ind2=" ">
    <subfield code="a">Death.</subfield>
  </datafield>
  <datafield tag="650" ind1=" " ind2="4">
    <subfield code="a">Art History.</subfield>
  </datafield>
  <datafield tag="650" ind1=" " ind2="4">
    <subfield code="a">Architecture.</subfield>
  </datafield>
  <datafield tag="655" ind1=" " ind2="7">
    <subfield code="a">Online resources.</subfield>
    <subfield code="2">local</subfield>
  </datafield>
  <datafield tag="655" ind1=" " ind2="7">
    <subfield code="a">Dissertations, Academic</subfield>
    <subfield code="z">UCSB</subfield>
    <subfield code="x">Art History</subfield>
    <subfield code="2">local</subfield>
  </datafield>
  <datafield tag="710" ind1="2" ind2=" ">
    <subfield code="a">University of California, Santa Barbara.</subfield>
    <subfield code="b">Art History.</subfield>
    <subfield code="e">degree granting institution.</subfield>
  </datafield>
  <datafield tag="720" ind1="1" ind2=" ">
    <subfield code="a">Ernie MacMillan</subfield>
    <subfield code="e">degree supervisor.</subfield>
  </datafield>
  <datafield tag="791" ind1=" " ind2=" ">
    <subfield code="a">Ph.D.</subfield>
  </datafield>
  <datafield tag="792" ind1=" " ind2=" ">
    <subfield code="a">2014</subfield>
  </datafield>
  <datafield tag="856" ind1="4" ind2="0">
    <subfield code="z">Alexandria Digital Research Library full text or citation. Full text may be restricted to UCSB.</subfield>
    <subfield code="u">http://alexcatria.ucsb.edu/lib/ark:/48907/f3p55kom</subfield>
  </datafield>
  <datafield tag="856" ind1="4" ind2="0">
    <subfield code="z">ProQuest full text or citation. Full text restricted to UC campuses.</subfield>
    <subfield code="u">http://gateway.proquest.com/openurl?url_ver=Z39.88-2004&amp;rft_val_fmt=info:ofi/fmt:kev:mtx:dissertation&amp;res_dat=xri:pqm&amp;rft_dat=xri:pqdiss:3618774</subfield>
  </datafield>
  <datafield tag="852" ind1=" " ind2=" ">
    <subfield code="a">CU-SB</subfield>
    <subfield code="b">MAIN</subfield>
    <subfield code="c">EDIS</subfield>
    <subfield code="4">Main Library</subfield>
    <subfield code="5">Electronic Dissertations</subfield>
  </datafield>
  <datafield tag="946" ind1=" " ind2=" ">
    <subfield code="a">Winter 2014</subfield>
  </datafield>
  <datafield tag="947" ind1=" " ind2=" ">
    <subfield code="a">PQD</subfield>
    <subfield code="b">ProQuest Dissertations &amp; Theses Database</subfield>
    <subfield code="l">do not send to LTI</subfield>
    <subfield code="o">do not send to OCLC</subfield>
  </datafield>
  <datafield tag="956" ind1=" " ind2="0">
    <subfield code="f">Power_ucsb_0035D_12013.pdf</subfield>
  </datafield>
</record></zs:recordData><zs:recordPosition>1</zs:recordPosition></zs:record>
</zs:records></zs:searchRetrieveResponse>
